<record><leader>00000cas a2200000 a 4500</leader><controlfield tag="001">38466458</controlfield><controlfield tag="008">980218d19451946nyuwr ne      0    0eng c</controlfield><datafield ind1=" " ind2=" " tag="010"><subfield code="a">sn 98067534 </subfield></datafield><datafield ind1=" " ind2=" " tag="040"><subfield code="a">NYS</subfield><subfield code="b">eng</subfield><subfield code="c">NYS</subfield><subfield code="d">OCLCQ</subfield><subfield code="d">OCLCF</subfield><subfield code="d">OCLCO</subfield></datafield><datafield ind1="1" ind2=" " tag="029"><subfield code="a">AU@</subfield><subfield code="b">000013798241</subfield></datafield><datafield ind1=" " ind2=" " tag="042"><subfield code="a">pcc</subfield></datafield><datafield ind1=" " ind2=" " tag="043"><subfield code="a">n-us-ny</subfield></datafield><datafield ind1="0" ind2="0" tag="245"><subfield code="a">Saint James gazette and three village chronicle.</subfield></datafield><datafield ind1="1" ind2="3" tag="246"><subfield code="a">Huntington Kings Park messenger county Democrat</subfield></datafield><datafield ind1=" " ind2=" " tag="260"><subfield code="a">St. James, N.Y. :</subfield><subfield code="b">Rambler Pub. Corp.,</subfield><subfield code="c">1945-1946.</subfield></datafield><datafield ind1=" " ind2=" " tag="300"><subfield code="a">1 v. :</subfield><subfield code="b">ill.</subfield></datafield><datafield ind1=" " ind2=" " tag="310"><subfield code="a">Weekly</subfield></datafield><datafield ind1="0" ind2=" " tag="362"><subfield code="a">Vol. 1, no. 1 (Nov. 16, 1945)-v. 1, no. 44 (Sept. 13, 1946).</subfield></datafield><datafield ind1=" " ind2=" " tag="500"><subfield code="a">Associated with: Patchogue Lake Ronkonkoma mirror, and: Central Islip Brentwood messenger.</subfield></datafield><datafield ind1=" " ind2="0" tag="651"><subfield code="a">Saint James (N.Y.)</subfield><subfield code="v">Newspapers.</subfield></datafield><datafield ind1=" " ind2="0" tag="651"><subfield code="a">Suffolk County (N.Y.)</subfield><subfield code="v">Newspapers.</subfield></datafield><datafield ind1=" " ind2="7" tag="655"><subfield code="a">Newspapers.</subfield><subfield code="2">fast</subfield><subfield code="0">(OCoLC)fst01423814</subfield></datafield><datafield ind1=" " ind2="7" tag="651"><subfield code="a">New York (State)</subfield><subfield code="z">Saint James.</subfield><subfield code="2">fast</subfield><subfield code="0">(OCoLC)fst01247050</subfield></datafield><datafield ind1=" " ind2="7" tag="651"><subfield code="a">New York (State)</subfield><subfield code="z">Suffolk County.</subfield><subfield code="2">fast</subfield><subfield code="0">(OCoLC)fst01207260</subfield></datafield><datafield ind1=" " ind2=" " tag="752"><subfield code="a">United States</subfield><subfield code="b">New York</subfield><subfield code="c">Suffolk</subfield><subfield code="d">Saint James.</subfield></datafield><datafield ind1="0" ind2=" " tag="770"><subfield code="t">Huntington Kings Park messenger county Democrat</subfield><subfield code="w">(DLC)sn 96083580</subfield><subfield code="w">(OCoLC)34492350</subfield></datafield><datafield ind1="0" ind2="0" tag="785"><subfield code="t">Saint James-Stony Brook gazette and three village chronicle</subfield><subfield code="w">(DLC)sn 98067535</subfield><subfield code="w">(OCoLC)38466117</subfield></datafield></record>